Record 1
LDR  03203nas  2200853I  45  
001  07-AOK-7121
005  19981212000000.0
008  750720c19uu9999it mx p      u0   a0ita d
010       $a    77003851
022       $a 0001-3218
040       $a MUL $c MUL $d SUL $d YUS $d IUL $d CLU
041  0    $a itaeng $b fregerspa
043       $a e-it---
222  00   $a Abitare
245  00   $a Abitare.
260       $a [Milano, $b Editrice Segesta, etc.]
300       $b ill. $c 32 cm.
310       $a 10 no. a year
362  0    $a n. 1-  19  -
500       $a UCLA: MOVE 902 TO 005; DROP INPUT 005 (05/02).
500       $a UCLA: MOVE ALL 910s TO 035s
500       $a UCLA: CREATE 1 852 FOR EACH 920 (3 FOR THIS REC)
500       $a UCLA: TEST CALL NUM OUTPUT: 1ST LOC SEG MOVE 930 $c TO 852 $j; 2ND SEG HAS NO 930, WILL HAVE NO 852 CALL NUM SUBFLDS; 3RD 852 WILL HAVE $h & $i FROM 930 $a & $b
500       $a UCLA: CREATE MULTIPLE 852 $k's WHEN MULTIPLE 928s
500       $a UCLA: CREATE MULTIPLE 852 $m's WHEN MULTIPLE 932s
500       $a UCLA: FROM 935s: IF IND2=BLANK --> 852 $x; IF IND2=1 --> 852 $x; IF IND2=0 --> 852 $z
500       $a UCLA: MOVE 590 SHARED PURCHASE NOTE TO $z OF EACH 852
500       $a UCLA: CONCATENATE MULTIPLE 950s INTO SINGLE 852 $3
500       $a UCLA: OUTPUT 1ST ONLY THE 1ST 963 OF A LOC SEGMENT AS 852 $p
590       $a SHaRed purchase (OUTPUT AS 852 $Z).
690   0   $a Architecture $x Periodicals.
770  0    $t Mettiamo su casa insieme
901       $a V $b 07-AOK-7121 $c LAD
902       $a 20020101000000.0
910       $a (OCoLC)01460559 (FIRST OF 2 910s move to 035)
910       $a 112233 (SECOND OF 2 910s move to 2nd 035)
920       $a ARTSTAX
928       $a * (FIRST 928 move to 852 $k)
928       $a Microfiche (2ND 928 move to new $k in 852)
930       $c NK1700.A148
932       $a 1st LOC  - 1ST 932
932       $a 1st LOC - 2ND 932
932       $a 1st LOC - 3RD 932
935       $a 1st LOC - 1ST 935 (BLANK INDICATORS)
935   1   $a 1st LOC - 2ND 935 (2ND IND = 1)
935   0   $a 1st LOC - 3RD 935 (2ND IND = 0)
950       $a BN117-318(1973-93)
950       $a Supplement:SPECIAL ISSUE: BNNOV(1983).BNSEP(1984).BNJAN-FEB(1987)BSEP-OCT(1989)BN311(1992).GUIDA ALLA SCELTA E ALL'USO DEI MIGLIORI ELETTRODOMESTICI DA INCASSO:B(1996).ALLE SOGLIE DEL TERZO MILLENNIO:BN372-379(1998)
950       $a Index:B(1982-87).B(1989-91).B(1993-95)
951       $b y $c y
962       $a L0069196996 (drop this field)
962       $a L9900000000 (drop this field)
963       $a E0000528877 (output as 852 $p)
963       $a Z9999928869 (2nd 962 - drop)
920       $a ARTUJNL
928       $a 2nd LOC - 928 
932       $a 2nd LOC, 1ST 932
932       $a 2nd LOC - 2ND 932
935   1   $a 2nd LOC - 935 - 2ND IND = 1
950       $a UN408-410(2001)
951       $b 4 $c 4
962       $a AAAAAAAAAAA (drop)
962       $a BBBBBBBBBBB (drop)
920       $a SRLF
928       $a 3rd LOC - 928*
930       $a NK2700 $b .B148
932       $a 3rd LOC, only 932
935   0   $a 3rd LOC - 935 - 2ND IND = 0
950       $a yr.1977-79 mi.index - no.178-180 yr.1979 mo.OCT-DEC
950       $a Index:B(1977-79)
951       $b 0 $c 0
963       $a AAAAA528851
963       $a BBBBBB28844 (drop )
963       $a CCCCC528836 (drop)

Record 2
