LDR  02043ngm  22005771i 45  
001  04-AAA-2912
005  19990906001607.0
008        s1927    xxu               m eng d
040       $a CLU $c CLU
245  00   $a Alice the whaler / $c produced by Walt Disney.
260       $c 1927.
440   2   $a Alice in Cartoonland
440   2   $a A Walt Disney Alice cartoon
500       $a UCLA: CREATE 007 WHEN $T OF 958 = '007'; WILL BE MULT 007s (05/02).
500       $a UCLA: CREATE 852 $z FROM 958 WHEN $T OF 958 = '300'
500       $a OUTPUT 1ST 934 OF EACH LOC SEG TO 852 $3.
590       $a SHARED PURCHASE.
655   7   $a Animation. $2 mim
655   7   $a Cartoons. $2 mim
690       $a Alice (Fictitious character : Walt Disney)
690       $a Silent films.
700  1    $a Disney, Walt, $d 1901-1966. $e animation
901       $a V $b 04-AAA-2912 $c LAD
902       $a 20011206001607.0
910       $a (OCoLC)01460559
910       $a 2ND 910 FIELD
920       $a FTAARSC
928       $a Microform - 1st loc - move to 852 $k
928       $a Salamander - 1st loc,2nd 928 - move to new $k in 852
930       $a MA123 $b M8503
932       $a 1st LOC - 1st  932 - move to 852 $m
932       $a 1st LOC - 2nd  932 - move to new $m in 852
934       $a Library has: v.1-44 (1ST LOC, 1ST 934)
934       $a Undergraduate Library has: v.1- (1ST LOC, 2ND 934)
935   1   $a 1st loc - This 935 has 2nd ind. 1 - move to 852 $x
935   0   $a 1st loc - This 935 field has 2nd ind. 0 - move to 852 $z
958   0   $a 1 reel of 1 (ca. 1000 ft.) : $b opt sd. ; $c 35 mm. nitrate trk masterpos. $T 300
958   1   $a mr|naaafm|aeinnnc198208 $T 007
962       $a Z5500000000
962       $a L9900000000
920       $a FTAPRES
930       $c M8504
934       $a 2ND LOC - 934
958   0   $a 1 reel of 1 ; $c 35 mm. nitrate pic masterpos. $T 300
958   1   $a mr|  b fn|aei  ac198208 $T 007
920       $a FTAHOLL
928       $a 3rd LOC - 928*
932       $a 3rd LOC - 1ST 932
932       $a 3rd LOC - 2ND 932
934       $a 3rd LOC - 934
935   0   $a 3rd loc; 935 with 2nd ind = 0; move to 852 $z

Record 3
