LDR  03336ngm  22006371i 45  
001  04-AAA-3128
005  19910000000000.0
008        s1945    xxu020            Xleng d
040       $a CLU $c CLU
245  00   $a All star bond rally / $c produced by Twentieth Century-Fox for the Office of War Information and the War Finance Division, Treasury Department, and exhibited by the War Activities Committee ; producer, Fanchâon ; director, Michael Audley ; writer, Don Quinn.
260       $c 1945.
500       $c UCLA: X IN POS 33 OF 008, CHG TO FILL CHAR ON OUTPUT BECAUSE 1ST 2 CHARS OF 901 $b ARE '04' (05/02).
511  1    $a Bob Hope, Betty Grable, Fibber McGee and Molly, Bing Crosby, Harry James, Frank Sinatra, Harpo Marx, Jeanne Crain, Linda Darnell, Carmen Miranda.
508       $a Photography, James van Trees; effects, Fred Sersen and Rolla Flora; music, Emil Newman; editor, Stanley Robinson.
655   7   $a Documentaries and factual films and video. $2 mim
655   7   $a Shorts. $2 mim
655   7   $a Academy War Film Collection. $2 local
700  1    $a Audley, Michael. $e direction
700  1    $a Hope, Bob, $d 1903- $e cast
901       $a V $b 04-AAA-3128 $c LAD
902       $a 20020102151714.0
920       $a FTAARSC
930       $c VA9686 M
935   0   $a AVAILABILITY: Study Copy. Available for on site viewing only. NOTES: Second on videocassette with: The Double duty dollar. VA9686 M
958   0   $a 1 videocassette of 1 (VHS) : $b sd., b&w ; $c 1/2 in. $T 300
958   1   $a vf|bbahom $T 007
920       $a FTASRLF
930       $c M48447
935   0   $a AVAILABILITY: Projection only; no individual viewing.Research Copy. Usually available for on site viewing, some restrictions may apply. A3-450-5
958   0   $a 1 reel of 1 (ca. 800 ft.) : $b opt sd., b&w ; $c 16 mm. safety print. $T 300
958   1   $a mr|b aadm|artnnac199103 $T 007
920       $a FTAHOLL
930       $c M23939
935   0   $a AVAILABILITY: Research Copy. Usually available for on site viewing, some restrictions may apply. F101-L1-1
958   0   $a 2 reels of 2 (ca. 2000 ft.) : $b opt sd. ; $c 35 mm. nitrate print. $T 300
958   1   $a mr| aaafm|ari  ac $T 007
920       $a FTASRLF
930       $c M56450
935   0   $a AVAILABILITY: Archival copy. Not available for viewing. Contact the Research and Study Center for further information. A3-444-3
958   0   $a 1 reel of 1 (ca. 600 ft.) : $b b&w ; $c 16 mm. safety pic neg. $T 300
958   1   $a mr|b badn|b tnnac199309 $T 007
920       $a FTASRLF
930       $c M56346
935   0   $a AVAILABILITY: Archival copy. Not available for viewing. Contact the Research and Study Center for further information. A3-444-3
958   0   $a 1 reel of 1 (ca. 600 ft.) : $b opt sd. ; $c 16 mm. safety trk neg. $T 300
958   1   $a mr|n aadm|b tnnac199309 $T 007
920       $a FTAHOLL
930       $c M2909
935   0   $a AVAILABILITY: Research Copy. Usually available for on site viewing, some restrictions may apply. NOTES: Studio print. CONDITION: Excellent condition (Melnitz cond. report, 2/28/1989). F107-L5-3
958   0   $a 1 reel of 1 (ca. 2000 ft.) : $b opt sd. ; $c 35 mm. nitrate print. $T 300
958   1   $a mr| aaafm|ari  ac $T 007
920       $a FTAARSC
930       $c VA17433 M
935   0   $a AVAILABILITY: Study copy. Available for onsite viewing only.
958   0   $a 1 videocassette of 1 (VHS) : $b sd., b&w ; $c 1/2 in. $T 300
958   1   $a vf|bbahom $T 007

Record 4
