LDR  00838nas  2200289I  45  
001  07-RDV-9999
005  19550000000000.0
008  750720c19uu9999it mx p      u0   a0ita d
245  00   $a Alien invasion of earth.
260       $a [Rome, $b Editrice Segesta, etc.]
300       $b ill. $c 12 cm.
310       $a 25 no. a year
362  0    $a n. 1-  19  -
500       $a UCLA: 1ST 920 LOC SEG IS BRIEF; TAKE NO DATA FOR 1ST 852 FROM 2ND 920 LOC SEGMENT (05/02).
690   0   $a Alien invasions $x Periodicals.
901       $a V $b 07-RDV-9999 $c LAD
902       $a 20020202000000.0
910       $a (OCoLC)55560559
920       $a ARTSTAX
930       $c NK1700.A148
920       $a ARTUJNL
928       $a 2nd LOC - only 928 
932       $a 2nd LOC LOC, only 932
935   1   $a 2ND LOC - 935 - 2ND IND = 1
950       $a UN408-410(2001)
951       $b x $c x
963       $a AAAAA528851

Record 5
