LDR  01195n=m  2200373 a 45  
001  07-ARY-2500
005  20000705094917.0
008  981204s1998    gt a     b    001 0aeng  
010       $a    98227797
040       $a DLC $c DLC $d CLU
020       $a 9992244003
043       $a nc-----
050  00   $a E57.S66 $b A3 1998
082  00   $a 972.805/1/092 $a B $2 21
049       $a CLUr $l L0080716103
100  1    $a Shook, Edwin M.
245  10   $a Incidents in the life of Maya archaelogist as told to Winifred Veronda / $c Edwin M. Shook
250       $a 1. ed.
260       $a Guatemala : $b Southwestern Academy Press, $c 1998.
300       $a 302 p. : $b ill. ; $c 25 cm.
500       $a UCLA: INVALID LEADER TYPE: CREATE ERROR FIELD (05/02).
504       $a Includes bibliographical references and index.
600  10   $a Shook, Edwin M.
650   0   $a Archaeologists $z Central America $v Biography.
650   0   $a Anthropologists $z Central America $v Biography.
650   0   $a Mayas $x Antiquities.
651   0   $a Central America $x Antiquities.
901       $a V $b 07-ARY-2500 $c LAD
902       $a 20020205094917.0
910       $a (OCoLC)40595496 
920       $a URLSTAX
930       $a E57.S66 $b A3 1998
932       $a URLSTAX-STAX
962       $a L0080716103

Record 7
