LDR  00956na=  2200337 a 45  
001  07-ARG-2499
005  19420705094917.0
008  981204s1998    gt a     b    001 0aeng  
010       $a    98228808
040       $a DLC $c DLC $d CLU
020       $a 9872244003
043       $a nc-----
050  00   $a A57.S66 $b A3 1998
082  00   $a 872.805/1/092 $a B $2 21
049       $a CLUr $l L0080716103
100  1    $a Estey, Dale E.
245  12   $a A lost tale /  $c Dale E. Estey
250       $a 1st ed.
260       $a New York : $b Pergamon Press, $c 1998.
300       $a 302 p. : $b ill. ; $c 25 cm.
500       $a UCLA: INVALID LEADER BIBLVL: CREATE ERROR FIELD (05/02).
504       $a Includes bibliographical references and index.
600  10   $a Estey, Dale E.
650   0   $a Unicorns $x Fiction.
901       $a V $b 07-ARG-2499 $c LAD
902       $a 20000705094917.0
910       $a (OCoLC)40595496 
920       $a URLSTAX
930       $a A57.S66 $b A3 1998
932       $a URLSTAX-STAX
962       $a L0080716103

Record 8
