LDR  01233cam  2200361 a 45  
001  07-ARY-2853
005  20000706111301.0
008  981218s1999    njua     b    001 0 eng c
010       $a    98055169
040       $a DNLM/DLC $c DLC $d YDX $d UKM $d NLM $d CLU
020       $a 0896037037 (alk. paper)
050  00   $a QR185.8.C45 $b C486 1999
060  10   $a QW 568 $b C5175 1999
069  0    $a 100883513
082  00   $a 616.07/9 $2 21
049       $a CLUM $l L0079428967
245  00   $a Chemokines in disease : $b biology and clinical research / $c edited by Caroline Hâebert ; foreword by Peter A. Ward.
260       $a Totowa, N.J. : $b Humana Press, $c c1999.
300       $a xx, 330 p. : $b ill. (some col.) ; $c 26 cm.
440   0   $a Contemporary immunology
500       $a UCLA: NO 920 IN RECORD & NOT A DELETE - CREATE ERROR FIELD  (05/02).
504       $a Includes bibliographical references and index.
650  12   $a Chemokines
650  22   $a Receptors, Chemokine
700  1    $a Hâebert, Caroline $q (Caroline Alice)
901       $a V $b 07-ARY-2853 $c LAD
902       $a 20000706111301.0
910       $a (OCoLC)40608564 (OCoLC)40926532 
930       $a QW 568 $b C5175 1999
932       $a BIOSTAX-STAX
962       $a L0079428967
930       $a M2113.P935 $b F7 1999
932       $a MUSSTAX-STAX

Record 11
