LDR  15166ngm  22020531i 45  
001  04-AAL-4396
005  20020128124322.0
008        s1949    xxu103            mleng d
040       $a CLU $c CLU
245  00   $a She wore a yellow ribbon / $c RKO-Argosy ; producer, John Ford, Merian C. Cooper ; associate producer, Lowell Farrell ; director, John Ford ; screenplay, Frank Nugent, Laurence Stallings ; from a story by James Warner Beulah.
260       $c 1949.
500       $a UCLA: FTV REC HAS 24 LOC SEGS; TEST LONG REC OUTPUT (05/02) (05/02).
500       $a Western; feature.
500       $a Author, James Warner Beulah.
500       $a Credits were supplied from: Film daily yearbook, 1950.
500       $a Playing time on release was 103 min., according to: Film daily yearbook, 1950.
508       $a Art director, James Basevi; musical director, C. Bakaleinikoff; photography, Winton Hoch; editor, Jack Murray.
511  1    $a John Wayne, Joanne Dru, John Agar, Ben Johnson, Harry Carey, Jr., Victor McLaglen, Mildred Natwick, George O'Brien, Arthur Shields, Harry Woods, Chief Big Tree, Noble Johnson, Cliff Lyons, Tom Tyler, Michael Dugan, Mickey Simpson, Frank McGrath, Don Summer, Fred Libbey, Jack Pennick, Billy Jones, Bill Goettinger, Fred Graham, Fred Kennedy, Rudy Bowman, Post Parks, Ray Hyke, Lee Bradley.
518       $a Filmed on location in Monument Valley.
599       $a PROGRAM NOTES: "Winton C. Hoch won an Academy Award for his Technicolor photography on this film, which is considered by some to be the most beautiful Western ever made. John Wayne plays Captain Nathan Brittles, who has one last mission to perform before returning to civilian life: warfare with the Indians has begun again and he must lead his troops on the trail. At the same time he has to escort the Major's wife (Mildred Natwick) and her daughter (Joanne Dru) out of the danger zone. In an interview with Peter Bogdanovich, Ford said: "I like She Wore a Yellow Ribbon. I tried to copy the Remington style there--you can't copy him one hundred percent--but at least I tried to get his color and movement." For many years, She Wore a Yellow Ribbon was only available in inferior 16mm prints and videotapes that did not do justice to the subtle color effects that Ford and Hoch tried to achieve. We are proud to present the first screening of a new 35mm print made from the original camera negatives" --program notes by G.D. Shown at First Annual Festival of Preservation.
599       $a PRESERVATION HISTORY: Preserved at UCLA from the original Technicolor three-strip megatives, with the cooperation of RKO Radio Pictures and Turner Entertainment Company; special thanks to Michael Wayne and Ron Kowall; funding by the David and Lucile Packard Foundation and AFI/NEA.
610  10   $a United States. $b Army. $b Cavalry $v Drama.
651   0   $a Monument Valley (Ariz. and Utah)
655   7   $a Westerns. $2 mim
655   7   $a Features. $2 mim
655   7   $a UCLA preservation. $2 local
700  1    $a Ford, John, $d 1894-1973. $e direction
700  1    $a Wayne, John, $d 1907-1979. $e cast
901       $a V $b 04-AAL-4396 $c LAD
902       $a 20020128124322.0
920       $a FTAARSC
930       $c VA1833 M
935   0   $a AVAILABILITY: Study Copy. Available for on site viewing only. REPRODUCTION: Reproduced by UCLA Film and Television Archive from 3/4 in. videocassettes (M41540), June, 1989. Reproduction for preservation purposes permitted by öööööö, 1989 [?].
958   0   $a 1 videocassette of 1 (VHS) (103 min.) : $b sd., col. ; $c 1/2 in. $T 300
958   1   $a vf|cbahom $T 007
920       $a FTASRLF
930       $c M36783
935   0   $a AVAILABILITY: Research Copy. Usually available for on site viewing, some restrictions may apply.
958   0   $a 3 reels of 3 (ca. 4800 ft.) : $b opt sd., col. ; $c 16 mm. safety print. $T 300
958   1   $a mr|c aad |art  ac198710 $T 007
963       $a FH0000011957
920       $a FTASRLF
930       $c M35368
935   0   $a CONDITION: Good condition: slight perf. damage, r1,3,5; occasional splices, r1-3; (Melnitz cond. report, 7/24/1990). Print has been mounted for platter projection (fh, 6/24/1992). AVAILABILITY: Research copy. Usually available for onsite viewing; some restrictions may apply. REPRODUCTION: Reproduced by UCLA Film and Television Archive from [?], Feb. 1988. Reproduction for preservation purposes permitted by [?], 1988.
958   0   $a 6 reels of 6 (103 min.) (ca. 12000 ft.) : $b opt sd., EC (col.), low-fade ; $c 35 mm. safety print. $T 300
958   1   $a mr|caaafm|artacac198802 $T 007
963       $a FB0000214718
963       $a FB0000214726
963       $a FB0000214734
963       $a FB0000214742
963       $a FB0000214759
963       $a FB0000214767
920       $a FTASRLF
930       $c M35372
935   0   $a CONDITION: Excellent condition, Melnitz cond. report, 8/4/1994. AVAILABILITY: Archival copy. Not available for viewing. Contact the Research and Study Center for further information. REPRODUCTION: Reproduced by the UCLA Film and Television Archive from [?]. Reproduction for preservation purposes permitted by [?], 1988. Clearance: Rights have reverted to Batjac Productions (per information received from Warner Bros., Aug., 2000). Booked 8/4/1994, 1409 (Archive).
958   0   $a 6 reels of 6 (103 min.) (ca. 12000 ft.) : $b opt sd., EC (col.), low-fade ; $c 35 mm. safety print. $T 300
958   1   $a mr|caaafm|artacac198803 $T 007
963       $a FB0000163170
963       $a FB0000163188
963       $a FB0000163196
963       $a FB0000163204
963       $a FB0000163212
963       $a FB0000163220
920       $a FTASRLF
930       $c M41540
935   0   $a AVAILABILITY: Archival copy. Not available for viewing. Contact the Research and Study Center for further information. Conservation copy. REPRODUCTION: Reproduced from 35 mm. select print (M35368) by Archive Commercial Services, June, 1989. Reproduction for preservation purposes permitted by [?], 1989.
958   0   $a 2 videocassettes of 2 (103 min.) : $b sd., col. ; $c 3/4 in. $T 300
958   1   $a vf|ccahrm $T 007
963       $a VA0000142760
920       $a FTASRLF
930       $c M57511
935   0   $a AVAILABILITY: Archival copy. Not available for viewing. Contact the Research and Study Center for further information. Conservation copy. REPRODUCTION: Reproduced by UCLA Film and Television Archive at the Post Group from[?], Aug. 1994. Reproduction for preservation purposes permitted by [?], Mar. 1988. LOCATION: A4-35-3-4.
958   0   $a 2 videoreels of 2 (Type C) (104 min.) : $b sd., col. ; $c 1 in. $T 300
958   1   $a vr|ceahpm $T 007
920       $a FTASRLF
930       $c M42834
935   0   $a AVAILABILITY: Archival copy. Not available for viewing. Contact the Research and Study Center for further information. Conservation copy.
958   0   $a 2 videocassettes of 2 : $b sd. ; $c 3/4 in. $T 300
958   1   $a vf| cahr $T 007
963       $a VA0000138404
920       $a FTAHOLL
930       $c M42947
935   0   $a AVAILABILITY: Archival copy. Not available for viewing. Contact the Research and Study Center for further information. LOCATION: G77-R26-3
958   0   $a 6 reels of 6 (ca. 12000 ft.) : $b magenta ; $c 35 mm. nitrate pic neg. $T 300
958   1   $a mr|cabafn|b ij ac199001 $T 007
920       $a FTAHOLL
930       $c M42946
935   0   $a AVAILABILITY: Archival copy. Not available for viewing. Contact the Research and Study Center for further information. LOCATION: G77-R26-2
958   0   $a 6 reels of 6 (ca. 12000 ft.) : $b cyan ; $c 35 mm. nitrate pic neg. $T 300
958   1   $a mr|cabafn|b ii ac199001 $T 007
920       $a FTAPRES
930       $c XFE85 -95 M
935   0   $a AVAILABILITY: Archival copy. Not available for viewing. Contact the Research and Study Center for further information. REPRODUCTION: Reproduced by UCLA Film and Television Archive from 35 mm. yellow nitrate pic neg (M42945). Reproduction for preservation purposes permitted by [?]ööööööööö, 1988. PRESERVATION: "Pres. protection master."
958   0   $a 11 reels of 11 (103 min.) (ca. 11000 ft.) : $b yellow ; $c 35 mm. safety prsv pic masterpos. $T 300
958   1   $a mr|cabafn|aetk ac198902 $T 007
920       $a FTAPRES
930       $c XFE96 -106 M
935   0   $a AVAILABILITY: Archival copy. Not available for viewing. Contact the Research and Study Center for further information. REPRODUCTION: Reproduced by UCLA Film and Television Archive from 35 mm. nitrate cyan pic neg (M42946), Feb. 1989. Reproduction for preservation purposes permitted by [?]ööööööööö, 1988. PRESERVATION: "Pres. protection master."
958   0   $a 11 reels of 11 (103 min.) (ca. 11000 ft.) : $b cyan ; $c 35 mm. safety prsv pic masterpos. $T 300
958   1   $a mr|cabafn|aeti ac198902 $T 007
920       $a FTAPRES
930       $c XFE107 -117 M
935   0   $a AVAILABILITY: Archival copy. Not available for viewing. Contact the Research and Study Center for further information. PRESERVATION: "Pres. protection master." REPRODUCTION: Reproduced by UCLA Film and Television Archive from 35 mm. nitrate magenta pic neg (M42947), Feb. 1989. Reproduction for preservation purposes permitted by [?]öööööö, 1988.
958   0   $a 11 reels of 11 (103 min.) (ca. 11000 ft.) : $b magenta ; $c 35 mm. safety prsv pic masterpos. $T 300
958   1   $a mr|cabafn|aetj ac198902 $T 007
920       $a FTAPRES
930       $c XFE119 -124 M
935   0   $a PART/ELEMENT: "Domestic track." AVAILABILITY: Archival copy. Not available for viewing. Contact the Research and Study Center for further information. REPRODUCTION: Reproduced by UCLA Film and Television Archive from [?], Feb. 1989öööö. Reproduction for preservation purposes permitted by [?]öööööö, 1988. NOTES: On r6 with trailer.
958   0   $a 6 reels of 6 (103 min.) (ca. 11000 ft.) : $b opt sd. ; $c 35 mm. safety prsv dbl edge trk masterpos. $T 300
958   1   $a mr|naaafm|aetnnac198902 $T 007
920       $a FTAPRES
930       $c XFG109 -113 M
935   0   $a AVAILABILITY: Archival copy. Not available for viewing. Contact the Research and Study Center for further information. REPRODUCTION: Reproduced by UCLA Film and Television Archive from [?], FEb. 1989öööö. Reproduction for preservation purposes permitted by [?]öööööö, 1988.
958   0   $a 6 reels of 6 (103 min.) (ca. 12000 ft.) : $b opt sd. ; $c 35 mm. safety prsv trk neg. $T 300
958   1   $a mr|naaafm|b tnnac198902 $T 007
920       $a FTAPRES
930       $c XFE118 M
935   0   $a PART/ELEMENT: Unidentified color separation sections: yellow, cyan and magenta. AVAILABILITY: Archival copy. Not available for viewing. Contact the Research and Study Center for further information. REPRODUCTION: Reproduced by UCLA Film and Television Archive from [?], Feb. 1989ööö. Reproduction for preservation purposes permitted by [?]öööööö, 1988. NOTES: 3 rolls in one can.
958   0   $a 1 can of 1 (ca. 300 ft.) : $b 3-col. ; $c 35 mm. safety prsv pic masterpos. $T 300
958   1   $a mr|cabafn|aete ac198902 $T 007
920       $a FTAPRES
930       $c XFE4373 M
935   0   $a PART/ELEMENT: Confirmation test print. AVAILABILITY: Archival copy. Not available for viewing. Contact the Research and Study Center for further information. REPRODUCTION: Reproduced by UCLA Film and Television Archive from 35 mm. safety prsv dupe pic neg (XFE4367 M), Aug. 1993. Reproduction for preservation purposes permitted by [?].
958   0   $a 1 reel of 1 (3 min.) (199 ft.) : $b MOS, EC (col.), low-fade ; $c 35 mm. safety print. $T 300
958   1   $a mr|ca  fn|artacan199308 $T 007
920       $a FTAPRES
930       $c XFE4367 M
935   0   $a PART/ELEMENT: Confirmation test internegative. AVAILABILITY: Archival copy. Not available for viewing. Contact the Research and Study Center for further information. REPRODUCTION: Reproduced by UCLA Film and Television Archive from 35 mm. safety prsv pic masterpos, 3 complete col. strips (unidentified reels from XFE85 - 117 M), Aug. 1993. Reproduction for preservation purposes permitted by [?].
958   0   $a 1 reel of 1 (3 min.) (199 ft.) : $b MOS, EC (col.), low-fade ; $c 35 mm. safety prsv dupe pic neg. $T 300
958   1   $a mr|ca  fn|bdtacan199308 $T 007
920       $a FTAHOLL
930       $c M42371
935   0   $a AVAILABILITY: Archival copy. Not available for viewing. Contact the Research and Study Center for further information. LOCATION: D36-L2-25.
958   0   $a 11 reels of 11 (ca. 11000 ft.) : $b yellow ; $c 35 mm. nitrate pic neg. $T 300
958   1   $a mr|cabafn|b ik ac198910 $T 007
920       $a FTAHOLL
930       $c M42372
935   0   $a AVAILABILITY: Archival copy. Not available for viewing. Contact the Research and Study Center for further information. LOCATION: D38-L1-24
958   0   $a 11 reels of 11 (ca. 11000 ft.) : $b cyan ; $c 35 mm. nitrate pic neg. $T 300
958   1   $a mr|cabafn|b ii ac198910 $T 007
920       $a FTAHOLL
930       $c M42373
935   0   $a AVAILABILITY: Archival copy. Not available for viewing. Contact the Research and Study Center for further information. LOCATION: D36-R2-1.
958   0   $a 11 reels of 11 (ca. 11000 ft.) : $b magenta ; $c 35 mm. nitrate pic neg. $T 300
958   1   $a mr|cabafn|b ij ac198910 $T 007
920       $a FTAHOLL
930       $c M42945
935   0   $a AVAILABILITY: Archival copy. Not available for viewing. Contact the Research and Study Center for further information. LOCATION: G77-R26-1
958   0   $a 6 reels of 6 (ca. 11000 ft.) : $b yellow ; $c 35 mm. nitrate pic neg. $T 300
958   1   $a mr|cabafn|b ik ac199001 $T 007
920       $a FTASRLF
930       $c M62689
935   0   $a AVAILABILITY: Archival copy. Not available for viewing. Contact the Research and Study Center for further information. Reserved for preservation; no use. ADDITIONAL PHYSICAL DESCRIPTION: 7 reels mounted on 6, with r5-6 (r3AB) mounted on 1 reel. Can 1: R1 1A + 5B; Can 2: R1 1B + 5A; Can 3: R1 2A + 4B; Can 4: R1 2B + 6A/B; Can 5: R1 3A + 3B; Can 6: R1 4A.
958   0   $a 6 reels of 6 (ca. 6000 ft.) : $b opt sd. ; $c 35 mm. safety dbl edge trk pos. $T 300
958   1   $a mr|n aafm|a tnnac199702 $T 007
963       $a FA0000259309
963       $a FA0000259317
963       $a FA0000259325
963       $a FA0000259333
963       $a FA0000259341
963       $a FA0000259358
920       $a FTASRLF
930       $c M74789
935   0   $a AVAILABILITY: Archival copy. Not available for viewing; contact the Research and Study Center for further information. Conservation copy.
958   0   $a 3 reels of 3 (ca. 4800 ft.) : $b opt sd. ; $c 16 mm. safety print. $T 300
958   1   $a mr||aaadm|art||ac198209 $T 007
963       $a FH0000229948
963       $a FH0000229955
963       $a FH0000229963
920       $a FTASRLF
930       $c M62693
935   0   $a CONDITION: Bad print; r3 (3AB) and r5 (5AB) incomplete. AVAILABILITY: Preservation Department use only. REPRODUCTION: Reproduced by the UCLA Film and Television Archive from 35 mm. nitrate pic negs (M42945, M42946, M42947) and safety prsv re-recorded trk neg (XFG109 -113 M). Reproduction for preservation purposes, 1998? ADDITIONAL PHYSICAL DESCRIPTION: r1=r1AB, r2=r2AB, r3=r3AB, r4=r4AB, r5=r5AB, r6=r6AB. LOCATION: A16-522.
958   0   $a 6 reels of 6 (ca. 12000 ft.) : $b opt sd., col. ; $c 35 mm. safety print. $T 300
958   1   $a mr|caaaf |art  ac199811 $T 007

Record 12
