LDR  01673nam  22005538a 45  
001  07-AAA-0777
005  19990313183209.0
008  900207s1990    cau      b     01 0 eng  
010       $a    90008131
020       $a 0941690385 :$26.95
020       $a 0941690393 (pbk.) :$13.95
040       $a DLC $c DLC $d CLU
043       $a n-us-ca
050  00   $a F869.L89 $b T84 1990
245  00   $a 20th century Los Angeles : $b power, promotion, and social conflict / $c edited by Norman M. Klein and Martin J. Schiesl.
260       $a Claremont, Calif. : $b Regina Books, $c c1990.
300       $a 240 p. ; $c 23 cm.
500       $a UCLA: LAST 920 LOC CODE IS UNKNOWN: CREATE ERROR FIELD (05/02).
650   0   $a Minorities $z California $z Los Angeles $x Social conditions.
651   0   $a Los Angeles (Calif.) $x Social conditions.
651   0   $a Los Angeles (Calif.) $x Politics and government.
700  1    $a Klein, Norman M., $d 1945-
700  1    $a Schiesl, Martin J.
740  01   $a Twentieth century Los Angeles.
901       $a V $b 07-AAA-0777 $c LAD
902       $a 20020313183209.0
910       $a (OCoLC)21117587
920       $a CSRSTAX
930       $a F869.L89 $b T84 1990
932       $a CSRSTAX-STAX
920       $a COLSTAX
930       $a F869.L89 $b T84 1990
962       $a L0067368852
962       $a L0067368845
962       $a L0067368837
962       $a L0067368829
962       $a L0067368811
920       $a SRLF
963       $a A0011046992
920       $a URLSCRA
930       $a F869.L89 $b T84 1990
932       $a URLSCRA-STAX
920       $a URLSTAX
930       $a F869.L89 $b T84 1990
932       $a URLSTAX-STAX
962       $a L0082624321
962       $a L0082621772
920       $a RMOON
930       $a F869.L89 $b T84 1990

Record 13
