LDR  01004cas  22003497a 45  
001  07-ANM-2694
005  19990315074603.0
008  980720c19889999caugr1        0   a0eng d
010       $a sn 98000817
040       $a NSD $c NSD $d CLU
022  0    $a 1520-3522
082  10   $a 917 $2 13
090       $a F869.S33 $b B466
049       $a CLUR
210  0    $a Best San Franc. North. Calif.
222   4   $a The best of San Francisco & Northern California
245  04   $a The best of San Francisco & Northern California.
246  3    $a Best of San Francisco and Northern California
246  30   $a San Francisco & Northern California
260       $a Los Angeles, CA : $b Gault Millau, Inc.,
300       $a v.
310       $a Biennial
362  1    $a Began in 1988?
500       $a UCLA: 901 LACKS $c: REJECT RECORD (05/02).
700  1    $a Gayot, Andrâe.
710  2    $a Gault Millau (Firm)
901       $a V $b 07-ANM-2694
902       $a 20020315074603.0
910       $a (OCoLC)39512640
920       $a COLTRAV
930       $c GAYOT 919
951       $b 5 $c 5

Record 14
