LDR  01083njm  2200337Ia 45  
001  01-AAA-0343
005  19950508215951.0
007  sduzsnznnmlned
008  941227s1985    mx fmn   di         spa  
010       $a    94771291 /R
020       $a 9684991673
040       $a DLC $c LCD $d CLU
043       $a n-mx---
050  00   $a Corason MTCD101/3<Rec Sound>
245  00   $a Antologâia del son de Mâexico $h [sound recording] = $b Anthology of Mexican sones.
260       $a [Mexico] : $b Corason, $c p1985.
300       $a 3 sound discs : $b digital ; $c 4 3/4 in. + $e 1 booklet (34 p. : ill. ; 28 cm.)
500       $a Corason: COCD101--COCD103.
500       $a "Musica tradicional"--Container.
500       $a UCLA: NO 901 FIELD: REJECT RECORD (05/02).
511  0    $a Various performers.
650   0   $a Folk music $z Mexico.
650   0   $a Sones $z Mexico.
700  1    $a Lieberman, Baruj.
700  1    $a Llerenas, Eduardo.
700  1    $a Ramâirez de Arellano, Enrique.
740  01   $a Anthology of Mexican sones.
902       $a 20020208215951.0
910       $a (OCoLC)31745295
920       $a ETHSTAX
930       $c ARCD 278 v. 1-3

Record 15
LDR  01149nam  2200325 a 45  
001  07-AAA-0827
005  19910720142657.0
008  880726s1987    cl a     b     00 0dspa  
010       $a    88165874
040       $a DLC $c DLC $d CLU
043       $a s-cl---
050  0    $a F3100 $b .A17 1987
260       $a Chile : $b Comitâe de Defensa de los Derechos del Pueblo, $c 1987.
300       $a 107 p. : $b ill. ; $c 22 cm.
440   0   $a Colecciâon Patricio Sobarzo ; $v v. 4
500       $a UCLA: NO 245 FIELD, OUTPUT 998 ERROR FIELD (05/02).
504       $a Includes bibliographical references.
610  10   $a Chile. $b Central Nacional de Informaciones.
650   0   $a Political crimes and offenses $z Chile $x History $y 20th century.
650   0   $a Violence $z Chile $x History $y 20th century.
650   0   $a Civil rights $z Chile $x History $y 20th century.
651   0   $a Chile $x Politics and government $y 1973-
710  2    $a Comitâe de Defensa de los Derechos del Pueblo (Chile)
740  01   $a Veintitrâes de agosto 1984.
740  01   $a 23 de agosto de 1984.
901       $a V $b 07-AAA-0827 $c LAD
902       $a 19910720142657.0
910       $a (OCoLC)18961380
920       $a SRLF
963       $a AA0007761562

Record 16
