LDR  01105nam  2200301K  45  
001  07-AAA-0831
005  20020813153354.0
008  841212s1963    tu a           00 0 tur d
040       $a DRB $c DRB $d CLU
245  00   $a 23 Ekim 1960 genel nèufus say¸m¸ : $b çil, ilce, bucak ve kèoyler itibariyle nèufus = Census of population, 23 October 1960 : population by provinces, districts sub. districts and villages.
260       $a Ankara, $c 1963.
300       $a vi, 601 p. of tables. $c 29 cm.
490  1    $a Yay¸n, $v no. 444
500       $a UCLA: 1ST LOC IS 'ARTSPCSR', 2ND LOC IS 'URLRFSRL' - DO NOT OUTPUT 852 FLDS, REJECT RECORD (08/02).
651   0   $a Turkey $x Census, 1960.
651   0   $a Turkey $x Population $x Statistics.
710  1    $a Turkey. $b çIstatistik Genel Mèudèurlèuægèu.
830   0   $a Yay¸n (Turkey. çIstatistik Genel Mèudèurlèuægèu) ; $v no. 444.
901       $a V $b 07-AAA-0831 $c LAD
902       $a 20020813153354.0
910       $a (OCoLC)11482482
920       $a URLRFSRL
928       $a *
930       $a HA1911 $b .A5 1960
932       $a URLSTAX-*
962       $a 31158007924052
920       $a ARTSPCSR
930       $a HA1911 $b .A5 1960

